% Encoding: UTF-8

@book{Razavi2000,
  author    = {Behzad Razavi},
  title     = {Design of Analog CMOS Integrated Circuits},
  year      = {2000},
  publisher = {McGraw-Hill Education},
  isbn      = {978-0072380323}
}
@article{Robert2014,
  author  = {Kelemen, Robert},
  year    = {2014},
  month   = {05},
  pages   = {1537-1543},
  title   = {ERP systems in public sector},
  isbn    = {978-953-233-077-9},
  journal = {2014 37th International Convention on Information and Communication Technology, Electronics and Microelectronics (MIPRO)},
  doi     = {10.1109/MIPRO.2014.6859810}
}
@article{Nizar2021,
  author  = {Alsharari, Nizar},
  year    = {2021},
  month   = {11},
  pages   = {},
  title   = {Cloud computing and ERP assimilation in the public sector: institutional perspectives},
  volume  = {ahead-of-print},
  journal = {Transforming Government: People, Process and Policy},
  doi     = {10.1108/TG-04-2021-0069}
}
@inbook{Rachel2022,
  author = {Gwyon, Rachel and Langa, Arturo},
  year   = {2022},
  month  = {02},
  pages  = {355-392},
  title  = {Governance in the Public Sector},
  isbn   = {9781003142850},
  doi    = {10.4324/9781003142850-10}
}
@inbook{Thompson2019,
  author = {Wood, R. and Thompson, David and Crampton, Faith},
  year   = {2019},
  month  = {05},
  pages  = {138-168},
  title  = {Budget Planning},
  isbn   = {9780429449147},
  doi    = {10.4324/9780429449147-5}
}
@book{Budget2019,
  author = {Makashina, Olga},
  year   = {2019},
  month  = {09},
  pages  = {},
  title  = {Budget planning and forecasting},
  isbn   = {978-5-16-014646-1},
  doi    = {10.12737/995607}
}
@inbook{Vasyl2021,
  author = {Gorbachuk, Vasyl and Gennadii, Golotsukov and Dmytro, Nikolenko and Lyudmyla, Batih},
  year   = {2021},
  month  = {09},
  pages  = {304â€“323},
  title  = {Development of information technologies for budget planning},
  isbn   = {ISBN 978-83-960717-2-9}
}

@article{Anna2020,
  author          = {Anna Birna Turner},
  journal         = {https://solutionsreview.com/enterprise-resource-planning/the-11-best-erp-solutions-for-government-and-public-sector-workers/},
  title           = {The 11 Best ERP Solutions for Government and Public Sector Workers},
  year    = {2020},
  month   = {08}
}

@Comment{jabref-meta: databaseType:biblatex;}
